
@misc{PmailGithub,
  author       = {{Pricop Laurentiu}},
  howpublished = {\url{https://github.com/Laurcons/PhysicalMailManager}},
  title        = {{Physical Mail Manager repository}}
}

@misc{PmailSite,
  author       = {{Pricop Laurentiu}},
  howpublished = {\url{https://pmail.laurcons.ro}},
  title        = {{Physical Mail Manager application}}
}

@misc{PostmanCollection,
  author       = {{Pricop Laurentiu, Alin Stanciu}},
  howpublished = {\url{https://github.com/Laurcons/cs-tdt3-proj-docs/blob/master/documents/PostmanCollection.json}},
  title        = {{Postman Collection with our automated testing}}
}

@misc{TestinyTestCases,
  author       = {{Pricop Laurentiu, Alin Stanciu}},
  howpublished = {\url{https://github.com/Laurcons/cs-tdt3-proj-docs/blob/master/documents/Testiny-export-testcases-TDP.xlsx}},
  title        = {{The collection of test cases that were manually tested using Testiny}}
}

@misc{TestinyAuthReport,
  author       = {{Pricop Laurentiu, Alin Stanciu}},
  howpublished = {\url{https://github.com/Laurcons/cs-tdt3-proj-docs/blob/master/documents/Testiny%20%E2%80%93%20Test%20runs%20-%20Auth.pdf}},
  title        = {{Testiny manual testing report for Authentication}}
}

@misc{TestinyReceiversReport,
  author       = {{Pricop Laurentiu, Alin Stanciu}},
  howpublished = {\url{https://github.com/Laurcons/cs-tdt3-proj-docs/blob/master/documents/Testiny%20%E2%80%93%20Test%20runs%20-%20Receivers.pdf}},
  title        = {{Testiny manual testing report for Adding Receivers}}
}

@misc{RIMGEAReport,
  author       = {{Alin Stanciu, Pricop Laurentiu}},
  howpublished = {\url{https://github.com/Laurcons/cs-tdt3-proj-docs/blob/master/documents/IssueReport.docx}},
  title        = {{RIMGEA Issue Report}}
}